{
  "leader": "03863cam a2200541 a 4500",
  "fields": [
    {
      "001": "ocm00111329\\"
    },
    {
      "003": "OCoLC"
    },
    {
      "005": "20220106135337.0"
    },
    {
      "008": "701007s1969\\\\\\\\dcua\\\\\\\\\\b\\\\\\f001\\0\\eng\\\\"
    },
    {
      "007": "ta"
    },
    {
      "010": {
        "ind1": "\\",
        "ind2": "\\",
        "subfields": [
          {
            "a": "   75606158 "
          }
        ]
      }
    },
    {
      "040": {
        "ind1": "\\",
        "ind2": "\\",
        "subfields": [
          {
            "a": "DLC"
          },
          {
            "b": "eng"
          },
          {
            "c": "DLC"
          },
          {
            "d": "NLGGC"
          },
          {
            "d": "IUL"
          },
          {
            "d": "BTCTA"
          },
          {
            "d": "VVW"
          },
          {
            "d": "ISL"
          },
          {
            "d": "TPH"
          },
          {
            "d": "TULIB"
          },
          {
            "d": "CDS"
          },
          {
            "d": "GBVCP"
          },
          {
            "d": "OCLCF"
          },
          {
            "d": "OCLCQ"
          },
          {
            "d": "OCLCO"
          },
          {
            "d": "OCLCQ"
          },
          {
            "d": "IAK"
          },
          {
            "d": "OCL"
          },
          {
            "d": "VVC"
          },
          {
            "d": "CSJ"
          },
          {
            "d": "NLC"
          },
          {
            "d": "CSA"
          },
          {
            "d": "OCLCQ"
          },
          {
            "d": "TKN"
          },
          {
            "d": "CSO"
          },
          {
            "d": "CPO"
          },
          {
            "d": "OCLCO"
          },
          {
            "d": "OCLCA"
          },
          {
            "d": "NZ1"
          },
          {
            "d": "DCHUA"
          },
          {
            "d": "OCLCO"
          },
          {
            "d": "UWW"
          },
          {
            "d": "OCLCO"
          },
          {
            "d": "OCLCQ"
          },
          {
            "d": "OCLCO"
          },
          {
            "d": "OCLCA"
          },
          {
            "d": "QGJ"
          },
          {
            "d": "IL4J6"
          },
          {
            "d": "OCLCO"
          },
          {
            "d": "CEF"
          },
          {
            "d": "AGL"
          }
        ]
      }
    },
    {
      "016": {
        "ind1": "\\",
        "ind2": "\\",
        "subfields": [
          {
            "a": "(AMICUS)000001812068"
          }
        ]
      }
    },
    {
      "016": {
        "ind1": "7",
        "ind2": "\\",
        "subfields": [
          {
            "a": "CAT74600374"
          },
          {
            "2": "DNAL"
          }
        ]
      }
    },
    {
      "019": {
        "ind1": "\\",
        "ind2": "\\",
        "subfields": [
          {
            "a": "277169636"
          },
          {
            "a": "977368354"
          },
          {
            "a": "1087175255"
          },
          {
            "a": "1101206310"
          },
          {
            "a": "1107762947"
          },
          {
            "a": "1289065639"
          }
        ]
      }
    },
    {
      "035": {
        "ind1": "\\",
        "ind2": "\\",
        "subfields": [
          {
            "a": "(OCoLC)111329"
          },
          {
            "z": "(OCoLC)277169636"
          },
          {
            "z": "(OCoLC)977368354"
          },
          {
            "z": "(OCoLC)1087175255"
          },
          {
            "z": "(OCoLC)1101206310"
          },
          {
            "z": "(OCoLC)1107762947"
          },
          {
            "z": "(OCoLC)1289065639"
          }
        ]
      }
    },
    {
      "043": {
        "ind1": "\\",
        "ind2": "\\",
        "subfields": [
          {
            "a": "n-us---"
          }
        ]
      }
    },
    {
      "050": {
        "ind1": "0",
        "ind2": "0",
        "subfields": [
          {
            "a": "E185.86"
          },
          {
            "b": ".P7 1969"
          }
        ]
      }
    },
    {
      "050": {
        "ind1": "1",
        "ind2": "4",
        "subfields": [
          {
            "a": "R301.451 P"
          }
        ]
      }
    },
    {
      "055": {
        "ind1": "\\",
        "ind2": "5",
        "subfields": [
          {
            "a": "HA*"
          }
        ]
      }
    },
    {
      "070": {
        "ind1": "\\",
        "ind2": "\\",
        "subfields": [
          {
            "a": "E185.86.P7"
          }
        ]
      }
    },
    {
      "072": {
        "ind1": "\\",
        "ind2": "7",
        "subfields": [
          {
            "a": "9505"
          }
        ]
      }
    },
    {
      "074": {
        "ind1": "\\",
        "ind2": "\\",
        "subfields": [
          {
            "a": "0154-A"
          }
        ]
      }
    },
    {
      "082": {
        "ind1": "0",
        "ind2": "0",
        "subfields": [
          {
            "a": "301.45196073"
          },
          {
            "b": "PRI"
          }
        ]
      }
    },
    {
      "100": {
        "ind1": "1",
        "ind2": "\\",
        "subfields": [
          {
            "a": "Price, Daniel O."
          }
        ]
      }
    },
    {
      "245": {
        "ind1": "1",
        "ind2": "0",
        "subfields": [
          {
            "a": "Changing characteristics of the Negro population /"
          },
          {
            "c": "by Daniel O. Price ; Prepared in cooperation with the Social Science Research Council."
          }
        ]
      }
    },
    {
      "260": {
        "ind1": "\\",
        "ind2": "\\",
        "subfields": [
          {
            "a": "[Washington DC] :"
          },
          {
            "b": "U.S. Bureau of the Census :"
          },
          {
            "b": "[For sale by the Supt. of Docs., U.S. Govt. Print. Off.],"
          },
          {
            "c": "[1969]"
          }
        ]
      }
    },
    {
      "300": {
        "ind1": "\\",
        "ind2": "\\",
        "subfields": [
          {
            "a": "viii, 259 pages :"
          },
          {
            "b": "illustrations ;"
          },
          {
            "c": "24 cm"
          }
        ]
      }
    },
    {
      "336": {
        "ind1": "\\",
        "ind2": "\\",
        "subfields": [
          {
            "a": "text"
          },
          {
            "b": "txt"
          },
          {
            "2": "rdacontent"
          }
        ]
      }
    },
    {
      "337": {
        "ind1": "\\",
        "ind2": "\\",
        "subfields": [
          {
            "a": "unmediated"
          },
          {
            "b": "n"
          },
          {
            "2": "rdamedia"
          }
        ]
      }
    },
    {
      "338": {
        "ind1": "\\",
        "ind2": "\\",
        "subfields": [
          {
            "a": "volume"
          },
          {
            "b": "nc"
          },
          {
            "2": "rdacarrier"
          }
        ]
      }
    },
    {
      "490": {
        "ind1": "1",
        "ind2": "\\",
        "subfields": [
          {
            "a": "A 1960 census monograph"
          }
        ]
      }
    },
    {
      "504": {
        "ind1": "\\",
        "ind2": "\\",
        "subfields": [
          {
            "a": "Includes bibliographical references and index."
          }
        ]
      }
    },
    {
      "505": {
        "ind1": "0",
        "ind2": "\\",
        "subfields": [
          {
            "a": "Introduction and Summary. Data and time periods covered ; Selected substantive findings -- I. Population distribution. Introduction -- II. Population redistribution. Introduction ; The secessionist south ; The nonsecessionist south ; The northeast region ; The north central region ; The west ; Summary -- III. Occupational change in cohorts, 1920 to 1960. Introduction ; Trends in cohorts : male ; Trends in cohorts : female ; Occupational groups : male ; Occupational groups : female ; Summary -- IV. Changes in broad occupational groups. Introduction ; Income differential ; Occupational distribution ; Summary -- V. Changes in occupational distribution. Introduction ; Detailed occupational categories : male ; Summary ; Detailed occupational categories : female ; Summary -- VI. Education. Introduction ; Years of school completed ; School enrollment ; Progress in school ; Education and migration ; Education and income ; Summary -- VII. Marital patterns and household composition. Introduction ; Marital status by cohorts ; Households with female heads ; Size of families and households ; Household composition ; Summary -- Appendix. A. Index of occupational change ; B. Statistical tables."
          }
        ]
      }
    },
    {
      "650": {
        "ind1": "\\",
        "ind2": "0",
        "subfields": [
          {
            "a": "African Americans"
          },
          {
            "x": "Social conditions"
          },
          {
            "y": "1964-1975."
          }
        ]
      }
    },
    {
      "650": {
        "ind1": "\\",
        "ind2": "0",
        "subfields": [
          {
            "a": "African Americans"
          },
          {
            "x": "Employment."
          }
        ]
      }
    },
    {
      "650": {
        "ind1": "1",
        "ind2": "2",
        "subfields": [
          {
            "a": "African Americans."
          }
        ]
      }
    },
    {
      "650": {
        "ind1": "\\",
        "ind2": "7",
        "subfields": [
          {
            "a": "African Americans"
          },
          {
            "x": "Employment."
          },
          {
            "2": "fast"
          },
          {
            "0": "(OCoLC)fst00799610"
          }
        ]
      }
    },
    {
      "650": {
        "ind1": "\\",
        "ind2": "7",
        "subfields": [
          {
            "a": "African Americans"
          },
          {
            "x": "Social conditions."
          },
          {
            "2": "fast"
          },
          {
            "0": "(OCoLC)fst00799698"
          }
        ]
      }
    },
    {
      "648": {
        "ind1": "\\",
        "ind2": "7",
        "subfields": [
          {
            "a": "1964-1975"
          },
          {
            "2": "fast"
          }
        ]
      }
    },
    {
      "655": {
        "ind1": "\\",
        "ind2": "7",
        "subfields": [
          {
            "a": "Statistics."
          },
          {
            "2": "fast"
          },
          {
            "0": "(OCoLC)fst01423727"
          }
        ]
      }
    },
    {
      "710": {
        "ind1": "2",
        "ind2": "\\",
        "subfields": [
          {
            "a": "Social Science Research Council (U.S.)"
          }
        ]
      }
    },
    {
      "776": {
        "ind1": "0",
        "ind2": "8",
        "subfields": [
          {
            "i": "Online version:"
          },
          {
            "a": "Price, Daniel O."
          },
          {
            "t": "Changing characteristics of the Negro population."
          },
          {
            "d": "[Washington] U.S. Bureau of the Census; [for sale by the Supt. of Docs., U.S. Govt. Print. Off., 1969]"
          },
          {
            "w": "(OCoLC)558909367"
          }
        ]
      }
    },
    {
      "776": {
        "ind1": "0",
        "ind2": "8",
        "subfields": [
          {
            "i": "Online version:"
          },
          {
            "a": "Price, Daniel O."
          },
          {
            "t": "Changing characteristics of the Negro population."
          },
          {
            "d": "[Washington] U.S. Bureau of the Census; [for sale by the Supt. of Docs., U.S. Govt. Print. Off., 1969]"
          },
          {
            "w": "(OCoLC)609996385"
          }
        ]
      }
    },
    {
      "830": {
        "ind1": "\\",
        "ind2": "0",
        "subfields": [
          {
            "a": "Census monograph series (Social Science Research Council (U.S.)) ;"
          },
          {
            "v": "1960."
          }
        ]
      }
    },
    {
      "994": {
        "ind1": "\\",
        "ind2": "\\",
        "subfields": [
          {
            "a": "Z0"
          },
          {
            "b": "NYRVC"
          }
        ]
      }
    },
    {
      "948": {
        "ind1": "\\",
        "ind2": "\\",
        "subfields": [
          {
            "h": "NO HOLDINGS IN NYRVC - 652 OTHER HOLDINGS"
          }
        ]
      }
    },
    {
      "999": {
        "ind1": "\\",
        "ind2": "\\",
        "subfields": [
          {
            "a": "00000000014647"
          }
        ]
      }
    }
  ]
}